@manual{hein:2012aa,
	Author = {Hein, Jeff},
	Date-Added = {2014-11-03 11:09:43 +0000},
	Date-Modified = {2014-11-03 11:13:09 +0000},
	Month = {1},
	Title = {The tikz-3dplot Package},
	Url = {http://tikz3dplot.wordpress.com},
	Year = {2012}}

@manual{heck:2013aa,
	Author = {Heck, D. and Pierog, T.},
	Chapter = {6 Coordinate System},
	Date-Added = {2014-11-03 10:58:02 +0000},
	Date-Modified = {2014-11-03 11:01:49 +0000},
	Edition = {7.4xxx},
	Month = {9},
	Organization = {Karlsruhe Institute of Technology},
	Title = {Extensive Air Shower Simulation with CORSIKA},
	Url = {https://web.ikp.kit.edu/corsika/usersguide/corsika_tech.html},
	Year = {2013}}

@online{usno:2012aa,
	Author = {USNO},
	Date-Added = {2014-11-03 10:55:42 +0000},
	Date-Modified = {2014-11-03 10:57:42 +0000},
	Lastchecked = {2014-11-03},
	Publisher = {US Naval Observatory},
	Title = {UTC Time Step, Service Announcement Series 14},
	Url = {http://maia.usno.navy.mil/ser7/series14.txt},
	Urldate = {2012-01-06},
	Year = {2012}}

@online{kaplan:2011aa,
	Author = {Kaplan, George H.},
	Date-Added = {2014-11-03 10:49:45 +0000},
	Date-Modified = {2014-11-03 10:54:18 +0000},
	Lastchecked = {2014-11-03},
	Publisher = {US Naval Observatory},
	Title = {Computing Greenwich Apparent Sidereal Time},
	Url = {http://aa.usno.navy.mil/faq/docs/GAST.php},
	Urldate = {2011-06-14},
	Year = {2011}}

@online{canada:2013aa,
	Date-Added = {2014-11-03 10:37:30 +0000},
	Date-Modified = {2014-11-03 10:48:55 +0000},
	Lastchecked = {14-10-2014},
	Month = {12},
	Publisher = {Natural Resources Canada},
	Title = {Magnetic declination calculator},
	Url = {http://www.geomag.nrcan.gc.ca/calc/mdcal-eng.php},
	Year = {2013}}

@book{duffet-smith:1990aa,
	Author = {Duffet-Smith, Peter},
	Date-Added = {2014-11-03 10:35:41 +0000},
	Date-Modified = {2014-11-03 10:37:17 +0000},
	Edition = {2},
	Publisher = {Cambridge University Press},
	Title = {Astronomy with your personal computer},
	Year = {1990}}

@online{wikipedia:2014aa,
	Author = {Wikipedia},
	Date-Added = {2014-11-03 10:26:31 +0000},
	Date-Modified = {2014-11-03 10:47:02 +0000},
	Lastchecked = {2014-08-10},
	Month = {8},
	Title = {Geodetic system},
	Url = {http://en.wikipedia.org/wiki/Geodetic_system},
	Year = {2014}}
